<?xml version="1.0" encoding="UTF-8"?>
<record xmlns="http://www.loc.gov/MARC21/slim" xmlns:xsi="http://www.w3.org/2001/XMLSchema-instance" xsi:schemaLocation="http://www.loc.gov/MARC21/slim http://www.loc.gov/standards/marcxml/schema/MARC21slim.xsd">
<leader>     cam a2200337   4500</leader>
<controlfield tag="001">002023867</controlfield>
<controlfield tag="003">NNU</controlfield>
<controlfield tag="005">19940725150406.0</controlfield>
<controlfield tag="008">870506s1966    le a     b    001 0 eng d</controlfield>
<datafield tag="035" ind1="9" ind2=" ">
<subfield code="a">NYUb10973777</subfield>
</datafield>
<datafield tag="035" ind1=" " ind2=" ">
<subfield code="a">(CStRLIN)NYUG87-B14771</subfield>
</datafield>
<datafield tag="035" ind1=" " ind2=" ">
<subfield code="a">GLIS009737778</subfield>
</datafield>
<datafield tag="040" ind1=" " ind2=" ">
<subfield code="c">NhD</subfield>
<subfield code="d">MdBJ</subfield>
<subfield code="d">CStRLIN</subfield>
<subfield code="d">NNU</subfield>
</datafield>
<datafield tag="041" ind1="1" ind2=" ">
<subfield code="a">eng</subfield>
<subfield code="h">ara</subfield>
</datafield>
<datafield tag="090" ind1=" " ind2=" ">
<subfield code="i">09/10/92 CT</subfield>
</datafield>
<datafield tag="100" ind1="1" ind2=" ">
<subfield code="a">Abû Firâs, Shihâb al-Dîn,</subfield>
<subfield code="d">1467-1538?</subfield>
</datafield>
<datafield tag="245" ind1="1" ind2="0">
<subfield code="a">Ash-Shâfiya (the healer).</subfield>
<subfield code="b">An Ismâ'îlî poem attributed to Shihâb Ad-dîn Abû Firâs.</subfield>
<subfield code="c">Edited and translated with introduction and commentary by Sami Nassib Makarem.</subfield>
</datafield>
<datafield tag="260" ind1=" " ind2=" ">
<subfield code="a">Beirut,</subfield>
<subfield code="b">American University of Beirut,</subfield>
<subfield code="c">1966.</subfield>
</datafield>
<datafield tag="300" ind1=" " ind2=" ">
<subfield code="a">260 p.</subfield>
<subfield code="b">illus.</subfield>
<subfield code="c">24 cm.</subfield>
</datafield>
<datafield tag="490" ind1="1" ind2=" ">
<subfield code="a">American University of Beirut publication of the Faculty of the Arts and Sciences. Oriental series,</subfield>
<subfield code="v">no. 48</subfield>
</datafield>
<datafield tag="500" ind1=" " ind2=" ">
<subfield code="a">Arabic text and English translation on opposite pages.</subfield>
</datafield>
<datafield tag="500" ind1=" " ind2=" ">
<subfield code="a">Title on added t.p.: Al-Shāfīyah.</subfield>
</datafield>
<datafield tag="504" ind1=" " ind2=" ">
<subfield code="a">Includes bibliographical references (p. 239-249).</subfield>
</datafield>
<datafield tag="500" ind1=" " ind2=" ">
<subfield code="a">Includes index.</subfield>
</datafield>
<datafield tag="590" ind1=" " ind2=" ">
<subfield code="a">Bobst c. 1 has errata slip inserted.</subfield>
</datafield>
<datafield tag="650" ind1=" " ind2="0">
<subfield code="a">Ismaili literature.</subfield>
</datafield>
<datafield tag="700" ind1="1" ind2=" ">
<subfield code="a">Makārim, Sāmī Nasīb.</subfield>
</datafield>
<datafield tag="740" ind1="0" ind2=" ">
<subfield code="a">Shāfīyah.</subfield>
</datafield>
<datafield tag="830" ind1=" " ind2="0">
<subfield code="a">Publication of the Faculty of Arts and Sciences.</subfield>
<subfield code="p">Oriental series ;</subfield>
<subfield code="v">no. 48.</subfield>
</datafield>
<datafield tag="OWN" ind1=" " ind2=" ">
<subfield code="a">GENERAL</subfield>
</datafield>
<datafield tag="950" ind1=" " ind2=" ">
<subfield code="l">BMAIN</subfield>
<subfield code="a">PJ25</subfield>
<subfield code="b">.A6 no.48</subfield>
<subfield code="i">09/10/92 C</subfield>
</datafield>
<datafield tag="955" ind1=" " ind2=" ">
<subfield code="l">BMAIN</subfield>
<subfield code="c">1</subfield>
<subfield code="q">87B14771-1</subfield>
<subfield code="r">016717996</subfield>
<subfield code="i">09/10/92 C</subfield>
</datafield>
<datafield tag="998" ind1=" " ind2=" ">
<subfield code="a">09/10/92</subfield>
<subfield code="t">b</subfield>
<subfield code="s">9665</subfield>
<subfield code="n">NNU</subfield>
<subfield code="w">MDJG0780076B</subfield>
<subfield code="d">05/06/87</subfield>
<subfield code="b">KY</subfield>
<subfield code="i">920910</subfield>
<subfield code="l">NYUG</subfield>
</datafield>
<datafield tag="AVA" ind1=" " ind2=" ">
<subfield code="a">NYU50</subfield>
<subfield code="b">BOBST</subfield>
<subfield code="c">Main Collection</subfield>
<subfield code="d">PJ25 .A6 no.48</subfield>
<subfield code="e">unavailable</subfield>
<subfield code="t">Unavailable</subfield>
<subfield code="f">1</subfield>
<subfield code="g">1</subfield>
<subfield code="h">N</subfield>
<subfield code="i">0</subfield>
<subfield code="j">MAIN</subfield>
<subfield code="k">0</subfield>
</datafield>
</record>
